<?xml version="1.0" encoding="UTF-8"?><record xmlns="http://www.loc.gov/MARC21/slim" xmlns:cinclude="http://apache.org/cocoon/include/1.0" xmlns:zs="http://www.loc.gov/zing/srw/">
  <leader>00352nz  a2200121n  4500</leader>
  <controlfield tag="001">n  00008894 </controlfield>
  <controlfield tag="003">DLC</controlfield>
  <controlfield tag="005">20001018120404.0</controlfield>
  <controlfield tag="008">001018n| acannaabn          |n aaa      </controlfield>
  <datafield tag="010" ind1=" " ind2=" ">
    <subfield code="a">n  00008894 </subfield>
  </datafield>
  <datafield tag="040" ind1=" " ind2=" ">
    <subfield code="a">DLC</subfield>
    <subfield code="b">eng</subfield>
    <subfield code="c">DLC</subfield>
  </datafield>
  <datafield tag="100" ind1="1" ind2=" ">
    <subfield code="a">Kriegerowski, Christine</subfield>
  </datafield>
  <datafield tag="670" ind1=" " ind2=" ">
    <subfield code="a">Rosa für Jungs, hellblau für Mädchen, c1999:</subfield>
    <subfield code="b">verso t.p. (Christine Kriegerowski)</subfield>
  </datafield>
</record>